<?xml version="1.0" encoding="UTF-8"?><collection xmlns="http://www.loc.gov/MARC21/slim"><record><leader>00578nam--2200193-i-4500</leader><controlfield tag="001">000047026</controlfield><controlfield tag="002">20161230</controlfield><controlfield tag="005">20161230201046</controlfield><controlfield tag="008">060222s1000------------r-----000-0-eng-d</controlfield><datafield ind1=" " ind2=" " tag="040"><subfield code="a">IFIN-HH</subfield></datafield><datafield ind1=" " ind2=" " tag="080"><subfield code="a">531.3/5:537.36.538.3</subfield></datafield><datafield ind1="1" ind2=" " tag="100"><subfield code="a">Webster, Arthur Gordon</subfield></datafield><datafield ind1="1" ind2="0" tag="245"><subfield code="a">The dynamics of particles and of rigid, elastic, and fluid bodies</subfield><subfield code="b">Being Lectures on Mathematical Physics</subfield></datafield><datafield ind1=" " ind2=" " tag="250"><subfield code="a">Second Edition</subfield></datafield><datafield ind1=" " ind2=" " tag="260"><subfield code="a">New York, Dover Publ.Inc., 1959</subfield></datafield><datafield ind1=" " ind2=" " tag="300"><subfield code="a">XI+588P</subfield></datafield><datafield ind1=" " ind2=" " tag="490"><subfield code="a">Dover Books Of Science</subfield></datafield><datafield ind1=" " ind2=" " tag="852"><subfield code="a">11548</subfield><subfield code="c">531</subfield></datafield><datafield ind1=" " ind2=" " tag="CAT"><subfield code="a">Sys</subfield><subfield code="c">20100622</subfield><subfield code="h">110457</subfield></datafield></record></collection>